% This file was created with Citavi 6.8.0.0

@book{.,
 title = {ACM Transactions on Software Engineering and Methodology}
}


@misc{Byteman.2021,
 author = {Byteman},
 editor = {Byteman},
 year = {2021},
 title = {Welcome to Byteman: Simplify Java tracing, monitoring and testing with Byteman},
 url = {https://byteman.jboss.org/},
 urldate = {23.02.2021}
}


@misc{IlyaGainulin.2019,
 author = {{Ilya Gainulin}},
 editor = {DZone},
 year = {2019},
 title = {What's the Use of Dynamic Analysis When You Have Static Analysis?},
 url = {https://dzone.com/articles/whats-the-use-of-dynamic-analysis-when-you-have-st},
 urldate = {22.02.2021}
}


@misc{JBossInc..2021,
 author = {{JBoss Inc.}},
 editor = {{JBoss Inc.}},
 year = {2021},
 title = {Javassist: Java Bytecode Engineering Toolkit seit 1999},
 url = {https://www.javassist.org/},
 urldate = {22.02.2021}
}


@misc{ManojDebnath.2020,
 author = {{Manoj Debnath}},
 editor = {developer.com},
 year = {2020},
 title = {What Is Java Agent?},
 url = {https://www.developer.com/java/data/what-is-java-agent.html},
 urldate = {22.02.2021}
}


@misc{MatthiasSchmidt.2019,
 author = {{Matthias Schmidt} and {Sebastian Gerstl}},
 editor = {embedded-software-engineering.de},
 year = {2019},
 title = {Statische und dynamische Codeanalyse in einem kontinuierlichen Testprozess},
 url = {https://www.embedded-software-engineering.de/statische-und-dynamische-codeanalyse-in-einem-kontinuierlichen-testprozess-a-846419/},
 urldate = {19.02.2021}
}


@incollection{RomanHaas.,
 author = {{Roman Haas} and {Rainer Niedermayr} and {Tobias Roehm} and {Sven Apel}},
 title = {Is Static Analysis Able to Identify Unnecessary Source Code?},
 url = {https://dl.acm.org/toc/tosem/2020/29/1},
 urldate = {24.02.2021},
 volume = {Volume 29},
 booktitle = {ACM Transactions on Software Engineering and Methodology},
 file = {https://www.cqse.eu/fileadmin/content/news/publications/2020-unnecessary-code-tosem.pdf}
}


@misc{SonarSourceS.A.2021,
 author = {{SonarSource S.A}},
 editor = {{SonarSource S.A}},
 year = {2021},
 title = {Metric Definitions},
 url = {https://docs.sonarqube.org/latest/user-guide/metric-definitions/},
 urldate = {22.02.2021}
}


@misc{SonarSourceS.A.2021b,
 author = {{SonarSource S.A}},
 editor = {{SonarSource S.A}},
 year = {2021},
 title = {Startpage - SonarSource},
 url = {https://www.sonarsource.com/},
 urldate = {19.02.2021}
}


@misc{turingpointGmbH.2021,
 author = {{turingpoint GmbH}},
 editor = {{turingpoint GmbH}},
 year = {2021},
 title = {Statische Code-Analyse},
 url = {https://turingpoint.de/consulting/statische-code-analyse/},
 urldate = {19.02.2021}
}


